% This file will contain your bibliography entries in BibTeX format
% Example entry:
% @article{example2023,
%   title={Example Paper Title},
%   author={Author, A. and Writer, B.},
%   journal={Journal Name},
%   year={2023}
% } 